@book{book:768263,
   title =     {Power Electronics: Converters, Applications, and Design},
   author =    {Ned Mohan and Tore M. Undeland and William P. Robbins},
   publisher = {John Wiley \& Sons, Inc.},
   isbn =      {9780471226932,0471429082},
   year =      {2002},
   series =    {},
   edition =   {3},
   volume =    {},
   }

@book{book:941109,
   title =     {Fundamentals of Power Electronics},
   author =    {Robert W. Erickson and Dragan MaksimoviÄ‡},
   publisher = {Springer US},
   isbn =      {978-0-7923-7270-7,978-0-306-48048-5},
   year =      {2004},
   series =    {},
   edition =   {2},
   volume =    {},
   }

@inproceedings{tastekin2009novel,
  title={A novel electrical power supply for electrothermal and electrochemical removal machining methods},
  author={Tastekin, David and Krotz, Harry and Gerlach, Clemens and Roth-Stielow, Jorg},
  booktitle={Energy Conversion Congress and Exposition, 2009. ECCE 2009. IEEE},
  pages={2682--2688},
  year={2009},
  organization={IEEE}
}

@inproceedings{muhamad2005design,
  title={Design of power stage and controller for DC-DC converter systems using PSPICE},
  author={Muhamad, ND and Sahid, MR and Yatim, AHM and Idris, NN and Ayob, MS},
  booktitle={Power Electronics and Drives Systems, 2005. PEDS 2005. International Conference on},
  volume={2},
  pages={903--908},
  year={2005},
  organization={IEEE}
}

@MISC{mnreReport,
	author = "Report", 
	title = "Office Memorandum",
	organization = "Ministry of New and Renewable Energy, Government of India",
	year = "2016",
	url = "http://mnre.gov.in/file-manager/UserFiles/Tentative-State-wise-break-up-of-Renewable-Power-by-2022.pdf" 
}

@article{del09,
	title={Crystalline silicon solar module technology: Towards the 1 euro per watt-peak goal},
	author={Del Canizo, C and Del Coso, G and Sinke, WC},
	journal={Progress in photovoltaics: research and applications},
	volume={17},
	number={3},
	pages={199--209},
	year={2009},
	publisher={Wiley Online Library}
}

@article{spur1993anode,
  title={Anode erosion in wire-EDM--a theoretical model},
  author={Spur, G and Sch{\"o}nbeck, J},
  journal={CIRP Annals-Manufacturing Technology},
  volume={42},
  number={1},
  pages={253--256},
  year={1993},
  publisher={Elsevier}
}

@inproceedings{sopori13,
	title={Characterizing damage on \text{Si} wafer surfaces cut by slurry and diamond wire sawing},
	author={Sopori, Bhushan and Devayajanam, Srinivas and Shet, Sudhakar and Guhabiswas, Debraj and Basnyat, Prakash and Moutinho, Helio and Gedvilas, Lynn and Jones, Kim and Binns, Jeff and Appel, Jesse},
	booktitle={39th Photovoltaic Specialists Conference (PVSC)},
	pages={0945--0950},
	year={2013},
	organization={IEEE}
}

@INPROCEEDINGS{joshi10,
	author={Ganesh G. Dongre and C. Vesvikar and R. K. Singh and S. S. Joshi},
	booktitle={35th IEEE Photovoltaic Specialists Conference},
	title={Efficient dicing of silicon ingots for photovoltaic applications},
	year={2010},
	pages={3629-3634},
	doi={10.1109/PVSC.2010.5614435},
	ISSN={0160-8371},
	month={June}
  }

@article{moeller2015,
	title={Chapter Two-Wafering of Silicon},
	author={Moeller, Hans Joachim},
	journal={Semiconductors and Semimetals},
	volume={92},
	pages={63--109},
	year={2015},
	publisher={Elsevier}
}

@article{sanchez2001development,
  title={Development of optimum electrodischarge machining technology for advanced ceramics},
  author={Sanchez, JA and Cabanes, I and de Lacalle, LN Lopez and Lamikiz, A},
  journal={The International Journal of Advanced Manufacturing Technology},
  volume={18},
  number={12},
  pages={897--905},
  year={2001},
  publisher={Springer}
}

@article{levy1990wed,
  title={WED machinability comparison of different steel grades},
  author={Levy, GN and Maggi, F},
  journal={CIRP Annals-Manufacturing Technology},
  volume={39},
  number={1},
  pages={183--185},
  year={1990},
  publisher={Elsevier}
}

@article{ho2004state,
	title={State of the art in wire electrical discharge machining (\text{WEDM})},
	author={Ho, KH and Newman, ST and Rahimifard, S and Allen, RD},
	journal={International Journal of Machine Tools and Manufacture},
	volume={44},
	number={12},
	pages={1247--1259},
	year={2004},
	publisher={Elsevier}
}

@article{han2002high,
  title={High precision simulation of WEDM using parametric programming},
  author={Han, Fuzhu and Kunieda, Masanori and Sendai, Tomoko and Imai, Yoshihito},
  journal={CIRP Annals-Manufacturing Technology},
  volume={51},
  number={1},
  pages={165--168},
  year={2002},
  publisher={Elsevier}
}

@inproceedings{kinoshita1976study,
  title={Study of EDM With Wire Electrode--Gap Phenomena},
  author={Kinoshita, N and Fukui, M and Shichida, H and Gamo, G},
  booktitle={CIRP Annales},
  volume={25},
  number={1},
  pages={141--145},
  year={1976}
}

@article{de1982has,
  title={Has the Delay Time Influence on the EDM-Process?},
  author={De Bruyn, HE and Pekelharing, AJ},
  journal={CIRP Annals-Manufacturing Technology},
  volume={31},
  number={1},
  pages={103--106},
  year={1982},
  publisher={Elsevier}
}

@article{kinoshita1982control,
  title={Control of wire-EDM preventing electrode from breaking},
  author={Kinoshita, N and Fukui, M and Gamo, G},
  journal={CIRP Annals-Manufacturing Technology},
  volume={31},
  number={1},
  pages={111--114},
  year={1982},
  publisher={Elsevier}
}

@article{kunieda1990line,
  title={On-line detection of EDM spark locations by multiple connection of branched electric wires},
  author={Kunieda, M and Kojima, H and Kinoshita, N},
  journal={CIRP Annals-Manufacturing Technology},
  volume={39},
  number={1},
  pages={171--174},
  year={1990},
  publisher={Elsevier}
}

@article{dauw1994high,
  title={High-precision wire-EDM by online wire positioning control},
  author={Dauw, DF and Beltrami, I},
  journal={CIRP Annals-Manufacturing Technology},
  volume={43},
  number={1},
  pages={193--197},
  year={1994},
  publisher={Elsevier}
}

@article{wang2003computer,
  title={Computer aided contouring operation for traveling wire electric discharge machining (EDM)},
  author={Wang, J and Ravani, Bahram},
  journal={Computer-Aided Design},
  volume={35},
  number={10},
  pages={925--934},
  year={2003},
  publisher={Elsevier}
}

@article{mohri1998system,
  title={System identification of wire electrical discharge machining},
  author={Mohri, N and Yamada, H and Furutani, K and Narikiyo, T and Magara, T},
  journal={CIRP Annals-Manufacturing Technology},
  volume={47},
  number={1},
  pages={173--176},
  year={1998},
  publisher={Elsevier}
}

@article{rajurkar1997wedm,
  title={WEDM-adaptive control with a multiple input model for indentification of workpiece height},
  author={Rajurkar, KP and Wang, WM and Zhao, WS},
  journal={CIRP Annals-Manufacturing Technology},
  volume={46},
  number={1},
  pages={147--150},
  year={1997},
  publisher={Elsevier}
}

@article{dongre2015multi,
  title={Multi-objective optimization for silicon wafer slicing using wire-EDM process},
  author={Dongre, Ganesh and Zaware, Sagar and Dabade, Uday and Joshi, Suhas S},
  journal={Materials Science in Semiconductor Processing},
  volume={39},
  pages={793--806},
  year={2015},
  publisher={Elsevier}
}

@misc{kane2017aps,
  author={Makarand Kane},
  title={Annual Progress Seminar Report},
  organization={Indian Institute of Technology Bombay},
  month={August},
  year={2017}
}